%% This BibTeX bibliography file was created using BibDesk.
%% http://bibdesk.sourceforge.net/


%% Created for  at 2010-02-19 16:21:43 -0600 


%% Saved with string encoding Western (ASCII) 



@inbook{Arab2008,
	Author = {Arab, Ali and Hooten, Mevin B. and Wikle, Christopher K.},
	Date-Added = {2010-02-19 16:15:12 -0600},
	Date-Modified = {2010-02-19 16:19:53 -0600},
	Editor = {Shekhar, Shashi and Xiong, Hui},
	Pages = {425--430},
	Publisher = {Springer},
	Title = {Hierarchical Spatial Models},
	Year = {2008}}

@book{Bailey1995,
	Author = {Bailey, Trevor C. and Gatrell, Anthony C.},
	Date-Added = {2010-02-19 16:06:21 -0600},
	Date-Modified = {2010-02-19 16:13:24 -0600},
	Publisher = {Prentice Hall},
	Title = {Interactive Spatial Data Analysis},
	Year = {1995}}

@book{MacKenzie2006,
	Author = {MacKenzie, Darryl I. and Nichols, James D. and Royle, J. Andrew and Pollock, Kenneth H. and Bailey, Larissa L. and Hines, James E.},
	Date-Added = {2010-02-19 16:02:22 -0600},
	Date-Modified = {2010-02-19 16:03:58 -0600},
	Publisher = {Elsevier},
	Title = {Occupancy Estimation and Modeling},
	Year = {2006}}

@article{Keitt2002,
	Author = {Keitt, Timothy H. and Bj{\o}rnstad, Ottar N. and Dixon, Philip M. and Citron-Pousty, Steve},
	Date-Added = {2010-02-19 15:58:51 -0600},
	Date-Modified = {2010-02-19 16:02:12 -0600},
	Journal = {Ecography},
	Month = {October},
	Number = {5},
	Pages = {616--625},
	Title = {Accounting for Spatial Pattern When Modeling Organism-Environment Interactions},
	Volume = {25},
	Year = {2002}}

@article{Tyre2003,
	Author = {Tyre, Andrew J. and Tenhumberg, Brigitte and Field, Scott A. and Niejalke, Darren and Parris, Kirsten and Possingham, Hugh P.},
	Date-Added = {2010-02-19 15:56:53 -0600},
	Date-Modified = {2010-02-19 15:58:46 -0600},
	Journal = {Ecological Applications},
	Month = {December},
	Number = {6},
	Pages = {1790--1801},
	Title = {Improving Precision and Reducing Bias in Biological Surveys: Estimating False-Negative Error Rates},
	Volume = {13},
	Year = {2003}}

@article{MacKenzie2002,
	Author = {MacKenzie, Darryl I. and Nichols, James D. and Lachman, Gideon B. and Droege, Sam and Royle, J. Andrew and Langtimm, Catherine A.},
	Date-Added = {2010-02-19 15:55:15 -0600},
	Date-Modified = {2010-02-19 15:56:47 -0600},
	Journal = {Ecology},
	Month = {August},
	Number = {8},
	Pages = {2248--2255},
	Title = {Estimating Site Occupancy Rates When Detection Probabilities Are Less Than One},
	Volume = {83},
	Year = {2002}}

@article{Royle2006,
	Author = {Royle, J. Andrew and Link, William A.},
	Date-Added = {2010-02-19 15:53:40 -0600},
	Date-Modified = {2010-02-19 15:55:09 -0600},
	Journal = {Ecology},
	Month = {April},
	Number = {4},
	Pages = {835--841},
	Title = {Generalized Site Occupancy Models Allowing for False Positive and False Negative Errors},
	Volume = {87},
	Year = {2006}}

@article{Gorman2006,
	Author = {Gorman, Thomas A. and Erb, John D. and McMillan, Brock R. and Martin, Daniel J.},
	Date-Added = {2010-02-19 15:46:23 -0600},
	Date-Modified = {2010-02-19 15:57:51 -0600},
	Journal = {Journal of Mammalogy},
	Month = {August},
	Number = {4},
	Pages = {740--747},
	Title = {Space Use and Sociality of River Otters (Lontra canadensis) in Minnesota},
	Volume = {87},
	Year = {2006}}
